@article{Massey2004JobAO,
  title={Job analysis of college Division I-A football strength and conditioning coaches.},
  author={C. Dwayne Massey and John Vincent and Mark Maneval},
  journal={Journal of strength and conditioning research},
  year={2004},
  volume={18 1},
  pages={
          19-25
        }
}
@article{Lawrence2014CS,
  title={The Current State of NCAA Division 1 Collegiate Strength Facilities: Size, Equipment, Budget, Staffing, and Football Status},
  author={Lawrence W. Judge, Jefferey C. Peterson, David M. Bellar. Bruce W. Craig, Michael P. Cottinggham, and Erin L. Gilreath},
  journal={Journal of strength and conditioning research},
  year={2014},
  volume={28 8},
  pages={
          2253-2261
        }
}
@article{article,
author = {Massey, C and Maneval, Mark},
year = {2004},
month = {03},
pages = {19-25},
title = {Job analysis of college Division I-A football strength and conditioning coaches},
volume = {18},
journal = {Journal of strength and conditioning research / National Strength & Conditioning Association},
doi = {10.1519/00124278-200402000-00002}
}
@misc{gardner, title={College Football Strength Coach Salaries}, url={https://sports.usatoday.com/ncaa/salaries/football/strength}, journal={USA Today}, publisher={Gannett Satellite Information Network}, author={Gardner, Tim}}
@article{article,
author = {Coutts, Aaron and Murphy, Aron and Dascombe, Ben},
year = {2004},
month = {06},
pages = {316-23},
title = {Effect of Direct Supervision of a Strength Coach on Measures of Muscular Strength and Power in Young Rugby League Players},
volume = {18},
journal = {Journal of strength and conditioning research / National Strength & Conditioning Association},
doi = {10.1519/R-12972.1}
}